@online{ wiki,
   author = "Wikipedia",
   title = "Mental chronometry",
   year = "2021",
   url = "https://en.wikipedia.org/wiki/Mental_chronometry#Simple_RT_paradigms",
   note = "[Online; accessed 03-December-2021]"
}

@misc{ ross,
    author = "Ross Franklin MacPherson",
    title = "First Year Physics Lab Manual",
    year = "2009",
    insitution = "University of Aberdeen"
}

