

@book{ Cor,
    title = "The film experience",
    year = "2017",
    author = "Timothy Corrigan, Particia Withe"
}

@book{ Bordwell,
    editor = "McGraw-Hill Companies Inc.",
    title = "Film Art",
    year = "2008",
    authors = "David Bordwell and Kristin Thompson"
}



