

@book{ Dick,
    editor = "Mark Gallaher",
    title = "Anatomy of Film",
    year = "1990",
    author = "Bernard F. Dick"
}

@book{ Bordwell,
    editor = "McGraw-Hill Companies Inc.",
    title = "Film Art",
    year = "2008",
    authors = "David Bordwell and Kristin Thompson"
}



