@misc{ross,
    title = "PX2505 Practical Optics \& Electronics Electronics Manual",
    author = "Dr. Ross Mcphearson",
    organization = "University of Aberdeen"
}

@misc{leeds,
    title = "Travelling microscope",
    author = "C.Baker",
    collection = "Physics Historical Instruments",
    organization = "University of Leeds, School of Physics and Astronomy",
    url = {http://digital.library.leeds.ac.uk/id/eprint/1551},
    urldate = {2023-17-05},
}

@article{ImageJ,
    author={Schneider, Caroline A.
    and Rasband, Wayne S.
    and Eliceiri, Kevin W.},
    title={NIH Image to ImageJ: 25 years of image analysis},
    journal={Nature Methods},
    year={2012},
    month={Jul},
    day={01},
    volume={9},
    number={7},
    pages={671-675},
    abstract={For the past 25 years NIH Image and ImageJ software have been pioneers as open tools for the analysis of scientific images. We discuss the origins, challenges and solutions of these two programs, and how their history can serve to advise and inform other software projects.},
    issn={1548-7105},
    doi={10.1038/nmeth.2089},
    url={https://doi.org/10.1038/nmeth.2089}
}

@online{rii,
  author = {Mikhail N. Polyanskiy},
  title = {Refractive index database},
  url = {https://refractiveindex.info},
  urldate = {2023-05-18}
}

