@misc{dunbar,
  title     = {The tyranny of the rocket equation},
  url       = {https://www.nasa.gov/mission_pages/station/expeditions/expedition30/tryanny.html},
  journal   = {NASA},
  publisher = {NASA},
  author    = {Dunbar, Brian}
}
@misc{openstax,
  title     = {29.4: Photon Momentum},
  url       = {https://phys.libretexts.org/Bookshelves/College_Physics/Book%3A_College_Physics_1e_(OpenStax)/29%3A_Introduction_to_Quantum_Physics/29.04%3A_Photon_Momentum},
  journal   = {Physics LibreTexts},
  publisher = {Libretexts},
  author    = {OpenStax},
  year      = {2022},
  month     = {Feb}
} 

@misc{paschotta,
  title     = {Radiation pressure},
  url       = {https://www.rp-photonics.com/radiation_pressure.html},
  journal   = {Radiation pressure, explained by RP Photonics Encyclopedia; light forces, momentum of a photon, applications},
  publisher = {RP Photonics AG},
  author    = {Paschotta, Dr. RÃ¼diger},
  year      = {2022},
  month     = {Jan}
} 
@book{hoffman_driggers_2016,
  place     = {Boca Raton},
  title     = {Encyclopedia of optical and photonic engineering},
  publisher = {CRC Press},
  author    = {Hoffman, Craig A. and Driggers, Ronald G.},
  year      = {2016}
}

@book{Hecht2016-pd,
  title     = {Optics, Global Edition},
  author    = {Hecht, Eugene},
  publisher = {Pearson Education, Limited},
  year      = 2016,
  address   = {Harlow, UNITED KINGDOM},
  keywords  = {Optics.}
}

 @misc{hollerman,
  title     = {The physics of solar sails},
  url       = {https://ntrs.nasa.gov/api/citations/20030093608/downloads/20030093608.pdf},
  publisher = {MARSHALL SPACE FLIGHT CENTER THE UNIVERSITY OF ALABAMA},
  author    = {Hollerman, William  Andrew}
} 
@misc{polyanskiy,
  title   = {Refractiveindex.info},
  url     = {https://refractiveindex.info},
  journal = {Refractive index database},
  author  = {Polyanskiy, Mikhail}
} 