@inbook{lemos_2007,
  place      = {Cambridge},
  series     = {Cambridge Introductions to Philosophy},
  title      = {Skepticism},
  doi        = {10.1017/CBO9780511801525.008},
  booktitle  = {An Introduction to the Theory of Knowledge},
  publisher  = {Cambridge University Press},
  author     = {Lemos, Noah},
  year       = {2007},
  pages      = {131-157},
  collection = {Cambridge Introductions to Philosophy}
}

@inbook{descartes_1985,
  place     = {Cambridge},
  title     = {Principles of Philosophy},
  volume    = {1},
  doi       = {10.1017/CBO9780511805042.007},
  booktitle = {The Philosophical Writings of Descartes},
  publisher = {Cambridge University Press},
  author    = {Descartes, Ren√©},
  editor    = {Cottingham, John and Stoothoff, Robert and Murdoch, DugaldTranslators},
  year      = {1985},
  pages     = {177-292}
}

