@misc{ unknown,
    title = "PX1513 - THE PHYSICAL UNIVERSE B - LABORATORY MANUAL",
    year = "2018 - 2019",
    insitution = "University of Aberdeen"
}
