

@incollection{ sosa,
    editor = "Sven Bernecker and Duncan Pritchard",
    booktitle = "The Routledge Companion to Epistemology",
    title = "Perceptual Knowledge",
    year = "2011",
    author = "David Sosa"
}

@book{ pritchard,
    author = "Duncan Pritchard",
    title = "What is this thing called Knowledge",
    year = "2006",
    publisher = "Routledge",
    
}

@book{ otfried,
    author = "Otfried HÃ¶ffe",
    title = "Studies in German Idealism",
    volume = "Kant's Critique of Pure Reason",
    number = "10",
    year = "2010",
    

}

