

@Book{Ayer,
author={Ayer, A.J.},
chapter={12},
title={Free Will},
year={2009},
publisher={Hackett Publishing Company, Incorporated},
address={Indianapolis, UNITED STATES},
keywords={Free will and determinism.},
isbn={9781603848862},
url={http://ebookcentral.proquest.com/lib/abdn/detail.action?docID=943867}
}

@article{Perry,
 ISSN = {00264423, 14602113},
 URL = {http://www.jstor.org/stable/2251752},
 author = {R. C. Perry},
 journal = {Mind},
 number = {278},
 pages = {228--234},
 publisher = {[Oxford University Press, Mind Association]},
 title = {Professor Ayer's "Freedom and Necessity"},
 urldate = {2022-11-30},
 volume = {70},
 year = {1961}
}




