@misc{ross,
    title = "PX2505 Practical Optics \& Electronics Electronics Manual",
    author = "Dr. Ross Mcphearson",
    organization = "University of Aberdeen"
}
@manual{ti:7404,
    organization  = "Texas Instruments Incorporated",
    title         = "SN5505, SN54LS04, SN54S04, SN7404, SN74LS04, SN74S04, SN74S04 Hex Inverters",
    number        = "SDLS029C",
    url           = "https://www.ti.com/lit/ds/symlink/sn7404.pdf?ts=1679056847689&ref_url=https%253A%252F%252Fwww.google.com%252F",
    urldate       = "2023-03-17",
    year          =  2004,
    month         =  1
}
@manual{ti:7486,
    organization  = "Texas Instruments Incorporated",
    title         = "SNx4HC86 Quadruple 2-Input XOR Gates",
    number        = "SCLS100F",
    url           = "https://www.ti.com/product/SN74HC86te",
    urldate       = "2023-03-17",
    year          =  2021,
    month         =  4
}
@manual{ti:7432,
    organization  = "Texas Instruments Incorporated",
    title         = "SNx4HC32 Quadruple 2-Input OR Gates",
    number        = "SCLS200F",
    url           = "https://www.ti.com/lit/ds/symlink/sn74hc32.pdf?ts=1679088242595&ref_url=https%253A%252F%252Fwww.ti.com%252Fproduct%252FSN74HC32",
    urldate       = "2023-03-17",
    year          =  2021,
    month         =  4
}

@manual{ti:7408,
    organization  = "Texas Instruments Incorporated",
    title         = "SN5408, SN54LS08, SN54S08, SN7408, SN74LS08, SN74S08 QUADRUPLE 2-INPUT POSITIVE-AND GATES",
    number        = "SDLS033",
    url           = "https://www.ti.com/lit/ds/symlink/sn74ls08.pdf?ts=1679022560845&ref_url=https%253A%252F%252Fwww.ti.com%252Fproduct%252FSN74LS08%253Futm_source%253Dgoogle%2526utm_medium%253Dcpc%2526utm_campaign%253Dasc-int-null-prodfolderdynamic-cpc-pf-google-wwe_int%2526utm_content%253Dprodfolddynamic%2526ds_k%253DDYNAMIC%2BSEARCH%2BADS%2526DCM%253Dyes%2526gclsrc%253Dds%2526gclsrc%253Dds",
    urldate       = "2023-03-17",
    year          =  1988,
    month         =  5
}